@inproceedings{Fujita2023,
  author={Fujita, H. and Kasahara, J. Y. L. and Kanda, S. and Nagatani, K. and Kasahara, S. and Fukumoto, S. and Yamashita, A.},
  title={Acoustic Monitoring in Industrial Plants with Autoencoders and a Mobile Robot},
  booktitle={2023 20th International Conference on Ubiquitous Robots (UR)},
  year={2023},
  month={June},
  pages={510--514},
  publisher={IEEE},
  doi={10.1109/UR57201.2023.10157382}
}

@article{Wang2022,
  title={AnoDFDNet: A Deep Feature Difference Network for Anomaly Detection},
  author={Wang, Z. and Zhang, Y. and Luo, L. and Wang, N.},
  journal={Journal of Sensors},
  year={2022},
  volume={2022},
  pages={3538541},
  doi={10.1155/2022/3538541}
}

@inproceedings{Nilanon2016,
  author={Tanachat Nilanon and Purushotham, S. and Liu, Yan},
  title={Normal / abnormal heart sound recordings classification using convolutional neural network},
  booktitle={2016 Computing in Cardiology Conference (CinC)},
  year={2016},
  pages={585--588},
  publisher={IEEE},
  doi={10.22489/CinC.2016.192-302}
}

@article{Rumelhart1986,
  author={Rumelhart, D. E. and Hinton, G. E. and Williams, R. J.},
  title={Learning representations by back-propagating errors},
  journal={Nature},
  volume={323},
  pages={533--536},
  year={1986},
  publisher={Springer Nature},
  doi={10.1038/323533a0}
}

@article{Foret2020,
  author={Foret, P. and Kleiner, A. and Mobahi, H. and Neyshabur, B.},
  title={Sharpness-aware minimization for efficiently improving generalization},
  journal={arXiv preprint arXiv:2010.01412},
  year={2020}
}
